<?xml version="1.0" encoding="UTF-8"?><collection xmlns="http://www.loc.gov/MARC21/slim"><record><leader>00317nam--2200133-i-4500</leader><controlfield tag="001">000034242</controlfield><controlfield tag="002">20161230</controlfield><controlfield tag="005">20161230201039</controlfield><controlfield tag="008">060222s1000------------r-----000-0-eng-d</controlfield><datafield ind1=" " ind2=" " tag="245"><subfield code="a">Multivibrators</subfield></datafield><datafield ind1=" " ind2=" " tag="260"><subfield code="a">New York, John F.Rider, 1956, Iv + 48p</subfield></datafield><datafield ind1=" " ind2=" " tag="490"><subfield code="a">166-167</subfield></datafield><datafield ind1=" " ind2=" " tag="700"><subfield code="a">Alexandser Sacchure</subfield></datafield><datafield ind1=" " ind2=" " tag="852"><subfield code="a">12838</subfield></datafield></record></collection>